% This file is a test yolo hahahaha


@article{LloyPinedo.2023,
 author = {{Lloy Pinedo} and {Miguel Angel Valles-Coral} and {Jorge Raul Navarro-Cabrera} and {Richard Injante} and {{\'A}ngel C{\'a}rdenas-Garc-Saavedra} and {Cecilia Garc-Rivas-Plata} and {C{\'e}sar Augusto Flores-Tananta}},
 year = {2023},
 title = {Software quality models: Exploratory review},
 volume = {10},
 journaltitle = {EAI Endorsed Trans. Scalable Inf. Syst.},
 doi = {10.4108/EETSIS.3982},
 number = {6},
 abstract = {}
}